@article{Erickson_2010,
	doi = {10.1016/j.ecolmodel.2010.08.036},
	url = {https://doi.org/10.1016%2Fj.ecolmodel.2010.08.036},
	year = 2010,
	month = {dec},
	publisher = {Elsevier {BV}},
	volume = {221},
	number = {24},
	pages = {2899--2908},
	author = {Richard A. Erickson and Steven M. Presley and Linda J.S. Allen and Kevin R. Long and Stephen B. Cox},
	title = {A dengue model with a dynamic Aedes albopictus vector population},
	journal = {Ecological Modelling}
}
@article{Baker_2016,
	doi = {10.1038/533452a},
	url = {https://doi.org/10.1038%2F533452a},
	year = 2016,
	month = {may},
	publisher = {Springer Science and Business Media {LLC}},
	volume = {533},
	number = {7604},
	pages = {452--454},
	author = {Monya Baker},
	title = {1,500 scientists lift the lid on reproducibility},
	journal = {Nature}
}
@misc{nanhung_2018, 
	  title = {Sensitivity Analysis for PBPK model}, 
	  url = {https://nanhung.rbind.io/post/sensitivity-analysis-for-pbpk-model/}, 
	  journal = {Nan Hung}, year={2018}, month={May}
}
@article{Morris_1991,
	doi = {10.2307/1269043},
	url = {https://doi.org/10.2307%2F1269043},
	year = 1991,
	month = {may},
	publisher = {{JSTOR}},
	volume = {33},
	number = {2},
	pages = {161},
	author = {Max D. Morris},
	title = {Factorial Sampling Plans for Preliminary Computational Experiments},
	journal = {Technometrics}
}